% see A2.2
% see B6.4b

@software{Buhler_ipa-template_2022,
  author = {Bühler, Robin},
  license = {AGPL-3.0},
  month = {2},
  title = {{ipa-template}},
  url = {https://github.com/ictorg/ipa-template},
  version = {1.0.0},
  year = {2022}
}

@software{Buhler_ipa-timetable_2022,
  author = {Bühler, Robin},
  license = {AGPL-3.0},
  month = {2},
  title = {{ipa-timetable}},
  url = {https://docs.google.com/spreadsheets/d/1kZ3AUNItc1EV2Pz2bjDTaP_TFSRrj1S5dGMjM3ucCRw},
  version = {1.0.0},
  year = {2022}
}

@article{redmine_homepage,
  author       = {Jean-Phillippe Lang},
  journal         = {Redmine},
  title        = {{Redmine}},
  year            = {2006},
  url             = {https://www.redmine.org/},
}

@article{everything_curl,
  author = {Daniel Stenberg},
  journal = {Everything curl},
  title = {{Everything curl}},
  year = {2018},
  url = {https://curl.se/book.html},
}

@article{ngrok_http_docs,
  author = {bobzilla},
  journal = {ngrok docs},
  title = {{HTTP Tunnels}},
  year = {2023},
  url = {https://ngrok.com/docs/secure-tunnels/tunnels/http-tunnels/},
}
